@online{example,
  author  = {Author, John},
  title   = {Title of the Online Source},
  year    = {2022},
  url     = {https://www.example.com},
  urldate = {2022-09-30}
},
@online{2,
  author   = {Feronika, Nanda},
  title    = {What do Requirements Stand for?},
  year     = {2018},
  url      = {https://sis.binus.ac.id/2018/02/12/what-do-requirements-stand-for/},
  urldate  = {20-12-2023},
  addendum = {(accessed: 20-12-2023)}
},
@online{3,
  author   = {Agile Business Consortium},
  title    = {MoSCoW Prioritisation},
  year     = {2014},
  url      = {https://www.agilebusiness.org/dsdm-project-framework/moscow-prioririsation.html},
  urldate  = {20-12-2023},
  addendum = {(accessed: 20-12-2023)}
},
@online{4,
  author   = {Panchal, Bhadresh},
  title    = {Node.js Usage Statistics: What They Tell Us About the Future of Web Development},
  year     = {2023},
  url      = {https://radixweb.com/blog/nodejs-usage-statistics},
  urldate  = {20-12-2023},
  addendum = {(accessed: 20-12-2023)}
},
@online{5,
  author   = {Gautam, Shubham},
  title    = {Client Server Architecture},
  year     = {2022},
  url      = {https://www.enjoyalgorithms.com/blog/client-server-architecture},
  urldate  = {20-12-2023},
  addendum = {(accessed: 20-12-2023)}
},
@online{6,
  author   = {Aftab, Zainab},
  title    = {15 Great Advantages of Node JS in Software Development},
  year     = {2022},
  url      = {https://enou.co/blog/advantages-of-node-js/},
  urldate  = {20-12-2023},
  addendum = {(accessed: 20-12-2023)}
},
@online{7,
  author   = {Roca, Claudia},
  title    = {REST API: what it is, how it works, advantages and disadvantages},
  year     = {2023},
  url      = {https://www.thepowermba.com/en/blog/rest-api-what-it-is},
  urldate  = {20-12-2023},
  addendum = {(accessed: 20-12-2023)}
},
@online{8,
  author   = {Desai, Jemin},
  title    = {10 Main Advantages of React JS Development},
  year     = {2023},
  url      = {https://positiwise.com/blog/10-main-advantages-of-react-js-development},
  urldate  = {20-12-2023},
  addendum = {(accessed: 20-12-2023)}
},
